% Encoding: UTF-8

@Article{Coscia2011,
  author    = {Coscia,I. and Greenhalgh, S. and Linde, N. and Doetsch, J. and Marescot, L. and G{\"u}nther, T. and Green, A.},
  journal   = {Geophysics},
  title     = {3{D} crosshole apparent resistivity static inversion and monitoring of a coupled river-aquifer system},
  year      = {2011},
  number    = {2},
  pages     = {G49-59},
  volume    = {76},
  doi       = {10.1190/1.3553003},
  timestamp = {2010.08.09},
}

@Article{Guenther2012,
  author    = {G{\"u}nther, T. and M{\"u}ller-Petke, M.},
  journal   = {Hydrology and Earth System Sciences},
  title     = {{H}ydraulic properties at the {N}orth {S}ea island of {B}orkum derived from joint inversion of magnetic resonance and electrical resistivity soundings},
  year      = {2012},
  number    = {9},
  pages     = {3279--3291},
  volume    = {16},
  doi       = {10.5194/hess-16-3279-2012},
  timestamp = {2016.09.14},
}

@Article{Costabel2014,
  author    = {Costabel, S. and G{\"u}nther, T.},
  journal   = {Vadose Zone Journal},
  title     = {{N}oninvasive {E}stimation of {W}ater {R}etention {P}arameters by {O}bserving the {C}apillary {F}ringe with {M}agnetic {R}esonance {S}ounding},
  year      = {2014},
  number    = {6},
  pages     = {14},
  volume    = {13},
  doi       = {10.2136/vzj2013.09.0163},
  timestamp = {2014.06.06},
}

@Article{Wagner2015,
  author    = {Wagner, F.M. and G{\"u}nther, T. and Schmidt-Hattenberger, C. and Maurer, H.},
  journal   = {Geophysics},
  title     = {{C}onstructive optimization of electrode locations for target-focused resistivity monitoring},
  year      = {2015},
  number    = {2},
  pages     = {E29--E40},
  volume    = {80},
  doi       = {10.1190/geo2014-0214.1},
  timestamp = {2015.01.14},
}

@Article{Loewer2016,
  author    = {Loewer, M. and Igel, J. and Wagner, N.},
  journal   = {{IEEE} J. Sel. Top. Appl. Earth Observations Remote Sensing},
  title     = {{S}pectral {D}ecomposition of {S}oil {E}lectrical and {D}ielectric {L}osses and {P}rediction of {I}n {S}itu {GPR} {P}erformance},
  year      = {2016},
  number    = {1},
  pages     = {212--230},
  volume    = {9},
  doi       = {10.1109/jstars.2015.2424152},
  publisher = {Institute of Electrical {\&} Electronics Engineers ({IEEE})},
  timestamp = {2016.09.14},
}

@InProceedings{Igel2016,
  author    = {Igel, J. and Stadler, S. and GÃ¼nther, T.},
  journal   = {Ext. Abstr., SAGEEP, Denver, USA},
  title     = {{H}igh-resolution investigation of the capillary transition zone and its influence on {GPR} signatures},
  year      = {2016},
  doi       = {10.1109/icgpr.2016.7572603},
  timestamp = {2016.06.28},
}

@Article{Costabel2016,
  author    = {Costabel, S. and G{\"u}nther, T. and Dlugosch, R. and M{\"u}ller-Petke, M.},
  journal   = {Geophysics},
  title     = {{T}orus-nuclear magnetic resonance: {Q}uasicontinuous airborne magnetic resonance profiling by using a helium-filled balloon},
  year      = {2016},
  month     = {jun},
  number    = {4},
  pages     = {WB119--WB129},
  volume    = {81},
  doi       = {10.1190/geo2015-0467.1},
  publisher = {Society of Exploration Geophysicists},
  timestamp = {2016.09.14},
}

@Article{Guenther2016,
  author    = {G{\"u}nther, T. and Martin, T.},
  journal   = {Journal of Applied Geophysics},
  title     = {{S}pectral two-dimensional inversion of frequency-domain induced polarisation data from a mining slag heap},
  year      = {2016},
  pages     = {436-448},
  volume    = {135},
  doi       = {10.1016/j.jappgeo.2016.01.008},
  timestamp = {2015.12.21},
}

@Article{Hupfer2016,
  author    = {Hupfer, S. and Martin, T. and Weller, A. and G\"{u}nther, T. and Kuhn, K. and Ngninjio, V.D.N. and Noell, U.},
  title     = {{P}olarization effects of unconsolidated sulphide-sand-mixtures},
  journal   = {Journal of Applied Geophysics},
  year      = {2016},
  volume    = {135},
  pages     = {456-465},
  month     = {dec},
  doi       = {10.1016/j.jappgeo.2015.12.003},
  publisher = {Elsevier {BV}},
  timestamp = {2016.12.16},
}

@Article{Loewer2017,
  author    = {Loewer, M. and G\"{u}nther, T. and Igel, J. and Kruschwitz, S. and Martin, T. and Wagner, N.},
  journal   = {Geophysical Journal International},
  title     = {Ultra-broad-band electrical spectroscopy of soils and sediments{\textemdash}a combined permittivity and conductivity model},
  year      = {2017},
  month     = {jun},
  number    = {3},
  pages     = {1360--1373},
  volume    = {210},
  doi       = {10.1093/gji/ggx242},
  publisher = {Oxford University Press ({OUP})},
  timestamp = {2017.07.27},
}

@Article{Ronczka2017,
  author    = {Ronczka, M. and Hellman, K. and G\"{u}nther, T. and Wis{\'{e}}n, R. and Dahlin, T.},
  journal   = {Solid Earth},
  title     = {Electric resistivity and seismic refraction tomography: a challenging joint underwater survey at \"{A}sp\"{o} Hard Rock Laboratory},
  year      = {2017},
  month     = {jun},
  number    = {3},
  pages     = {671--682},
  volume    = {8},
  doi       = {10.5194/se-8-671-2017},
  publisher = {Copernicus {GmbH}},
  timestamp = {2017.07.27},
}

@Article{Hellman2017,
  author    = {Hellman, K. and Ronczka, M. and G\"{u}nther, T. and Wennermark, M. and R\"{u}cker, C. and Dahlin, T.},
  journal   = {Journal of Applied Geophysics},
  title     = {Structurally coupled inversion of {ERT} and refraction seismic data combined with cluster-based model integration},
  year      = {2017},
  month     = {aug},
  pages     = {169--181},
  volume    = {143},
  doi       = {10.1016/j.jappgeo.2017.06.008},
  publisher = {Elsevier {BV}},
  timestamp = {2017.07.27},
}

@Article{Bergmann2017,
  author    = {Bergmann, P. and Schmidt-Hattenberger, C. and Labitzke, T. and Wagner, F.M. and Just, A. and Flechsig, C. and Rippe, D.},
  title     = {Fluid injection monitoring using electrical resistivity tomography - five years of CO2 injection at Ketzin, Germany},
  journal   = {Geophysical Prospecting},
  year      = {2017},
  volume    = {65},
  pages     = {859-875},
  issn      = {1365-2478},
  doi       = {10.1111/1365-2478.12426},
  publisher = {Wiley Online Library},
  timestamp = {2016.08.24},
}

@Article{Boerner2017,
  author    = {B{\"o}rner, F. and M{\"u}ller-Huber, E. and Branka, D. and R{\"u}cker, C.},
  journal   = {Near Surface Geophysics},
  title     = {The effect of compaction on complex electrical resistivity of shaly sands},
  year      = {2017},
  number    = {6},
  pages     = {633--643},
  volume    = {15},
  doi       = {10.3997/1873-0604.2017056},
  publisher = {European Association of Geoscientists \& Engineers},
}

@Article{Wagner2018,
  author    = {Wagner, F.M. and Wiese, B.},
  title     = {Fully coupled inversion on a multi-physical reservoir model - Part II: The Ketzin CO2 storage reservoir},
  journal   = {International Journal of Greenhouse Gas Control},
  year      = {2018},
  volume    = {75},
  pages     = {273-281},
  doi       = {10.1016/j.ijggc.2018.04.009},
  timestamp = {2018.02.18},
}

@Article{Wiese2018,
  author    = {Wiese, B. and Wagner, F.M. and Norden, B. and Maurer, H. and Schmidt-Hattenberger, C.},
  title     = {Fully coupled inversion on a multi-physical reservoir model - Part I: Theory and concept},
  journal   = {International Journal of Greenhouse Gas Control},
  year      = {2018},
  volume    = {75},
  pages     = {262-272},
  doi       = {10.1016/j.ijggc.2018.05.013},
  timestamp = {2018.02.18},
}

@Article{Watlet2018,
  author    = {Watlet, A. and Kaufmann, O. and Triantafyllou, A. and Poulain, Am. and Chambers, J. and Meldrum, P. and Wilkinson, P. and Hallet, V. and Quinif, Y. and van~Ruymbeke, M. and van~Camp, M.},
  journal   = {Hydrology and Earth System Sciences},
  title     = {Imaging groundwater infiltration dynamics in the karst vadose zone with long-term ERT monitoring},
  year      = {2018},
  number    = {2},
  pages     = {1563--1592},
  volume    = {22},
  doi       = {10.5194/hess-22-1563-2018},
  publisher = {European Geosciences Union},
}

@Article{Jordi2018,
  author    = {Jordi, C. and Doetsch, J. and G{\"u}nther, T. and Schmelzbach, C. and Robertsson, J. O.A.},
  journal   = {Geophysical Journal International},
  title     = {Geostatistical regularization operators for geophysical inverse problems on irregular meshes},
  year      = {2018},
  number    = {2},
  pages     = {1374--1386},
  volume    = {213},
  doi       = {10.1093/gji/ggy055},
  publisher = {Oxford University Press},
}

@Article{Rossi2018,
  author    = {Rossi, M. and Dahlin, T. and Olsson, P.-I. and G{\"u}nther, T.},
  journal   = {Near Surface Geophysics},
  title     = {Data acquisition, processing and filtering for reliable 3D resistivity and time-domain induced polarisation tomography in an urban area: field example of Vinsta, Stockholm},
  year      = {2018},
  number    = {3},
  pages     = {220--229},
  volume    = {16},
  doi       = {10.3997/1873-0604.2018014},
  publisher = {European Association of Geoscientists \& Engineers},
}

@Article{Ronczka2018,
  author    = {Ronczka, M. and Wis{\'e}n, R. and Dahlin, T.},
  journal   = {Near Surface Geophysics},
  title     = {Geophysical pre-investigation for a Stockholm tunnel project: joint inversion and interpretation of geoelectric and seismic refraction data in an urban environment},
  year      = {2018},
  number    = {3},
  pages     = {258--268},
  volume    = {16},
  doi       = {10.3997/1873-0604.2018009},
  publisher = {European Association of Geoscientists \& Engineers},
}

@Article{Skibbe2018,
  author    = {Skibbe, N. and G{\"u}nther, T. and M{\"u}ller-Petke, M.},
  journal   = {Geophysics},
  title     = {Structurally coupled cooperative inversion of magnetic resonance with resistivity soundings},
  year      = {2018},
  number    = {6},
  pages     = {JM51--JM63},
  volume    = {83},
  doi       = {10.1190/geo2018-0046.1},
  publisher = {Society of Exploration Geophysicists and American Association of Petroleum~â¦},
}

@Article{Wunderlich2018,
  author    = {Wunderlich, T. and Fischer, P. and Wilken, D. and Hadler, H. and Erkul, E. and Mecking, R. and G{\"u}nther, T. and Heinzelmann, M. and V{\"o}tt, A. and Rabbel, W.},
  journal   = {Geophysics},
  title     = {Constraining electric resistivity tomography by direct push electric conductivity logs and vibracores: An exemplary study of the Fiume Morto silted riverbed (Ostia Antica, western Italy)},
  year      = {2018},
  number    = {3},
  pages     = {B87--B103},
  volume    = {83},
  doi       = {10.1190/geo2016-0660.1},
  publisher = {Society of Exploration Geophysicists},
}

@Article{Wagner2019,
  author  = {Wagner, F.M. and Mollaret, C. and G{\"u}nther, T. and Kemna, A. and Hauck, C.},
  title   = {Quantitative imaging of water, ice, and air in permafrost systems through petrophysical joint inversion of seismic refraction and electrical resistivity data},
  journal = {Geophysical Journal International},
  year    = {2019},
  volume  = {219},
  number  = {3},
  pages   = {1866--1875},
  doi     = {10.1093/gji/ggz402},
}

@Article{Rochlitz2019,
  author    = {Rochlitz, R. and Skibbe, N. and G{\"u}nther, T.},
  journal   = {Geophysics},
  title     = {custEM: Customizable finite-element simulation of complex controlled-source electromagnetic data},
  year      = {2019},
  number    = {2},
  pages     = {F17--F33},
  volume    = {84},
  doi       = {10.1190/geo2018-0208.1},
  publisher = {Society of Exploration Geophysicists},
}

@Article{Pasquale2019,
  author    = {de~Pasquale, G. and Linde, N. and Greenwood, A.},
  journal   = {Journal of Applied Geophysics},
  title     = {Joint probabilistic inversion of DC resistivity and seismic refraction data applied to bedrock/regolith interface delineation},
  year      = {2019},
  pages     = {103839},
  volume    = {170},
  doi       = {10.1016/j.jappgeo.2019.103839},
  publisher = {Elsevier},
}

@Article{Nickschick2019,
  author    = {Nickschick, T. and Flechsig, C. and Mrlina, J. and Oppermann, F.k and L{\"o}big, F. and G{\"u}nther, T.},
  journal   = {Solid Earth},
  title     = {Large-scale electrical resistivity tomography in the Cheb Basin (Eger Rift) at an International Continental Drilling Program (ICDP) monitoring site to image fluid-related structures},
  year      = {2019},
  number    = {6},
  pages     = {1951--1969},
  volume    = {10},
  doi       = {10.5194/se-10-1951-2019},
  publisher = {Copernicus GmbH},
}

@Article{Leger2019,
  author  = {L{\'e}ger, E. and Dafflon, B. and Robert, Y.},
  journal = {The Cryosphere},
  title   = {A distributed temperature profiling method for assessing spatial variability in ground},
  year    = {2019},
  pages   = {11},
  volume  = {13},
  doi     = {10.5194/tc-13-2853-2019},
}

@Article{Assouline2019,
  author    = {Assouline, D. and Mohajeri, N. and Gudmundsson, A. and Scartezzini, J.-L.},
  journal   = {Geothermal Energy},
  title     = {A machine learning approach for mapping the very shallow theoretical geothermal potential},
  year      = {2019},
  number    = {1},
  pages     = {19},
  volume    = {7},
  doi       = {10.1186/s40517-019-0135-6},
  publisher = {Springer},
}

@Article{LopezAlvis2019,
  author  = {Lopez-Alvis, J. and Hermans, T. and Nguyen, F.},
  journal = {Advances in Water Resources},
  title   = {A cross-validation framework to extract data features for reducing structural uncertainty in subsurface heterogeneity},
  year    = {2019},
  pages   = {103427},
  volume  = {133},
  doi     = {10.1016/j.advwatres.2019.103427},
}

@Article{Pasquale2019a,
  author  = {de~Pasquale, G. and Linde, N. and Doetsch, J. and Holbrook, W.S.},
  journal = {Geophysical Journal International},
  title   = {Probabilistic inference of subsurface heterogeneity and interface geometry using geophysical data},
  year    = {2019},
  doi     = {10.1093/gji/ggz055},
}

@Article{Ochs2020,
  author    = {Ochs, J. and Klitzsch, N.},
  journal   = {Journal of Applied Geophysics},
  title     = {Considerations regarding small-scale surface and borehole-to-surface electrical resistivity tomography},
  year      = {2020},
  pages     = {103862},
  volume    = {172},
  doi       = {10.1016/j.jappgeo.2019.103862},
  publisher = {Elsevier},
}

@Article{Skibbe2020,
  author  = {Skibbe, N. and Rochlitz, R. and G{\"u}nther, T. and M{\"u}ller-Petke, M.},
  journal = {Geophysics},
  title   = {COMET: An open-source toolbox for Surface NMR},
  year    = {2020},
  number  = {3},
  pages   = {1--56},
  volume  = {85},
  doi     = {10.1190/geo2019-0484.1},
}

@Article{Jordi2020,
  author    = {Jordi, C. and Doetsch, J. and G{\"u}nther, T. and Schmelzbach, C. and Maurer, H. and Robertsson, J. O.A.},
  journal   = {Geophysical Journal International},
  title     = {Structural joint inversion on irregular meshes},
  year      = {2020},
  number    = {3},
  pages     = {1995--2008},
  volume    = {220},
  doi       = {10.1093/gji/ggz550},
  publisher = {Oxford University Press},
}

@Article{Whiteley2020,
  author    = {Whiteley, J.S. and Chambers, J.E. and Uhlemann, S. and Boyd, J. and Cimpoiasu, M.O. and Holmes, J.L. and Inauen, C.M. and Watlet, A. and Hawley-Sibbett, L.R. and Sujitapan, C. and others},
  journal   = {Engineering Geology},
  title     = {Landslide monitoring using seismic refraction tomography--The importance of incorporating topographic variations},
  year      = {2020},
  pages     = {105525},
  doi       = {10.1016/j.enggeo.2020.105525},
  publisher = {Elsevier},
}

@Article{Clement2020,
  author    = {Cl{\'e}ment, R. and P{\"a}rn, J. and Maddison, M. and Henine, H. and Chaumont, C. and Tournebize, J. and Uri, V. and Espenberg, M. and G{\"u}nther, T. and Mander, {\"U}.},
  journal   = {Journal of Applied Geophysics},
  title     = {Frequency-domain electromagnetic induction for upscaling greenhouse gas fluxes in two hemiboreal drained peatland forests},
  year      = {2020},
  pages     = {103944},
  doi       = {10.1016/j.jappgeo.2020.103944},
  publisher = {Elsevier},
}

@Article{Palacios2020,
  author  = {Palacios, A. and Ledo, J. J. and Linde, N. and Luquot, L. and Bellmunt, F. and Folch, A. and Marcuello, A. and Queralt, P. and Pezard, P. A. and Mart\'{\i}nez, L. and Bosch, D. and Carrera, J.},
  journal = {Hydrology and Earth System Sciences},
  title   = {Time-lapse cross-hole electrical resistivity tomography ({CHERT}) for monitoring seawater intrusion dynamics in a Mediterranean aquifer},
  year    = {2020},
  number  = {4},
  pages   = {2121--2139},
  volume  = {24},
  doi     = {10.5194/hess-24-2121-2020},
}

@Article{Klingler2020,
  author  = {Klingler, S. and Leven, C. and Cirpka, O.A. and Dietrich, P.},
  title   = {Anomaly effect-driven optimization of direct-current geoelectric mapping surveys in large areas},
  journal = {Journal of Applied Geophysics},
  year    = {2020},
  volume  = {176},
  pages   = {104002},
  doi     = {10.1016/j.jappgeo.2020.104002},
}

@Article{Fediuk2020,
  author         = {Fediuk, A. and Wilken, D. and Wunderlich, T. and Rabbel, W.},
  title          = {Physical Parameters and Contrasts of Wooden Objects in Lacustrine Environment: Ground Penetrating Radar and Geoelectrics},
  journal        = {Geosciences},
  year           = {2020},
  volume         = {10},
  number         = {4},
  issn           = {2076--3263},
  article-number = {146},
  doi            = {10.3390/geosciences10040146},
}

@Article{Peruzzo2020,
  author  = {Peruzzo, L. and Chou, C. and Wu, Y. and Schmutz, M. and Mary, B. and Wagner, F.M. and Petrov, P. and Newman, G. and Blancaflor, E.B. and Liu, X. and Ma, X. and Hubbard, S.},
  title   = {Imaging of plant current pathways for non-invasive root Phenotyping using a newly developed electrical current source density approach},
  journal = {Plant and Soil},
  year    = {2020},
  doi     = {10.1007/s11104-020-04529-w},
}

@Article{Blazevic2020,
  author         = {Blazevic, L. A. and Bodet, L. and Pasquet, S. and Linde, N. and Jougnot, D. and Longuevergne, L.},
  title          = {Time-Lapse Seismic and Electrical Monitoring of the Vadose Zone during A Controlled Infiltration Experiment at the Ploemeur Hydrological Observatory, France},
  journal        = {Water},
  year           = {2020},
  volume         = {12},
  number         = {5},
  issn           = {2073--4441},
  article-number = {1230},
  doi            = {10.3390/w12051230},
}

@Article{Miller2020,
  author  = {Miller, C. A. and Christenson, B. W. and Byrdina, S. and Vandemeulebrouck, J. and Brakenrig, T. and Britten, K. and Shanks, J. and Epstein, G.},
  journal = {Journal of Volcanology and Geothermal Research},
  title   = {Snapshot of a magmatic/hydrothermal system from electrical resistivity tomography and fumarolic composition, Whakaari/White Island, New Zealand},
  year    = {2020},
  issn    = {0377-0273},
  pages   = {106909},
  doi     = {10.1016/j.jvolgeores.2020.106909},
}

@Article{Folch2020,
  author   = {Folch, A. and del Val, L. and Luquot, L. and MartÃ­nez-PÃ©rez, L. and Bellmunt, F. and Le Lay, H. and Rodellas, V. and Ferrer, N. and Palacios, A. and FernÃ¡ndez, S. and Marazuela, M.A. and Diego-Feliu, M. and Pool, M. and Goyetche, T. and Ledo, J. and Pezard, P. and Bour, O. and Queralt, P. and Marcuello, A. and Garcia-Orellana, J. and Saaltink, M.W. and VÃ¡zquez-SuÃ±Ã©, E. and Carrera, J.},
  journal  = {Journal of Hydrology},
  title    = {{Combining fiber optic DTS, cross-hole ERT and time-lapse induction logging to characterize and monitor a coastal aquifer}},
  year     = {2020},
  pages    = {125050},
  volume   = {588},
  doi      = {10.1016/j.jhydrol.2020.125050},
  keywords = {Cross hole electrical resistivity tomography, Fiber optic distributed temperature sensing, Formation electrical conductivity, Sea water intrusion, Submarine groundwater discharge, Alluvial aquifer},
}

@Article{Costall2020,
  author  = {Costall, A. and Harris, B. and Teo, B. and Schaa, R. and Wagner, F. M. and Pigois, J.-P.},
  journal = {Scientific Reports},
  title   = {Groundwater Throughflow and Seawater Intrusion in High Quality Coastal Aquifers},
  year    = {2020},
  pages   = {9866},
  volume  = {10},
  doi     = {10.1038/s41598-020-66516-6},
}

@Article{Martin2020,
  author    = {Martin, T. and GÃ¼nther, T. and Flores Orozco, A. and Dahlin, T.},
  journal   = {Journal of Applied Geophysics},
  title     = {Evaluation of spectral induced polarization field measurements in time and frequency domain},
  year      = {2020},
  month     = {sep},
  pages     = {104141},
  volume    = {180},
  doi       = {10.1016/j.jappgeo.2020.104141},
  publisher = {Elsevier {BV}},
}

@Article{Ronczka2020,
  author    = {Ronczka, M. and GÃ¼nther, T. and Grinat, M. and Wiederhold, H.},
  journal   = {Near Surface Geophysics},
  title     = {Monitoring freshwater-saltwater interfaces with {SAMOS} - installation effects on data and inversion},
  year      = {2020},
  month     = {jul},
  number    = {4},
  pages     = {369--383},
  volume    = {18},
  doi       = {10.1002/nsg.12115},
  publisher = {Wiley},
}

@Article{Rao2020,
  author  = {Rao, S. and Lesparre, N. and Flores Orozco, A. and Wagner, F. and Javaux, M.},
  journal = {Plant and Soil},
  title   = {Imaging plant responses to water deficit using electrical resistivity tomography},
  year    = {2020},
  doi     = {10.1007/s11104-020-04653-7},
}

@Article{Mollaret2020,
  author  = {Mollaret, C. and Wagner, F. and Hilbich, C. and Scapozza, C. and Hauck, C.},
  journal = {Front. Earth Sci.},
  title   = {Petrophysical joint inversion applied to alpine permafrost field sites to image subsurface ice, water, air and rock contents},
  year    = {2020},
  pages   = {85},
  volume  = {8},
  doi     = {10.3389/feart.2020.00085},
  url     = {https://www.frontiersin.org/articles/10.3389/feart.2020.00085/pdf},
}

@Article{Raab2020,
  author  = {Raab, T. and Weinzierl, W. and Wiese, B. and Rippe, D. and Schmidt-Hattenberger, C.},
  journal = {Advances in Geosciences},
  title   = {{Development of an Electrical Resistivity Tomography Monitoring Concept for the Svelvik CO2 Field Lab, Norway}},
  year    = {2020},
  pages   = {41--53},
  volume  = {54},
  doi     = {10.5194/adgeo-54-41-2020},
  url     = {https://adgeo.copernicus.org/articles/54/41/2020/},
}

@Article{Enemark2020,
  author  = {Enemark, T. and Peeters, L. and Mallants, D. and Flinchum, B. and Batelaan, O.},
  journal = {Water Resources Research},
  title   = {A Systematic Approach to Hydrogeological Conceptual Model Testing, Combining Remote Sensing and Geophysical Data},
  year    = {2020},
  number  = {8},
  pages   = {e2020WR027578},
  volume  = {56},
  doi     = {10.1029/2020WR027578},
  url     = {https://agupubs.onlinelibrary.wiley.com/doi/abs/10.1029/2020WR027578},
}

@Article{FernandezVisentini2020,
  author  = {{Fernandez Visentini}, A. and Linde, N. and {Le Borgne}, T. and Dentz, M.},
  journal = {Advances in Water Resources},
  title   = {Inferring geostatistical properties of hydraulic conductivity fields from saline tracer tests and equivalent electrical conductivity time-series},
  year    = {2020},
  pages   = {103758},
  volume  = {146},
  doi     = {10.1016/j.advwatres.2020.103758},
  url     = {http://www.sciencedirect.com/science/article/pii/S0309170820306618},
}

@Article{Pacheco2020,
  author  = {Pacheco, M. and Plattner, A. M. and Stock, G. M. and Rood, D. H. and Pluhar, C. J.},
  journal = {Frontiers in Earth Science},
  title   = {Surface Exposure Dating and Geophysical Tomography of the Royal Arches Meadow Rock Avalanche, Yosemite Valley, California},
  year    = {2020},
  pages   = {372},
  volume  = {8},
  doi     = {10.3389/feart.2020.00372},
  url     = {https://www.frontiersin.org/article/10.3389/feart.2020.00372},
}

@Article{Saneiyan2021,
  author  = {Saneiyan, S. and Ntarlagiannis, D. and Colwell, F.},
  journal = {Geophysical Journal International},
  title   = {Complex conductivity signatures of microbial induced calcite precipitation, field and laboratory scales},
  year    = {2021},
  pages   = {1811--1824},
  volume  = {224},
  doi     = {10.1093/gji/ggaa510},
  url     = {https://doi.org/10.1093/gji/ggaa510},
}

@Article{Urruela2020,
  author  = {Urruela, A. and Rivero, L. and Casas, A. and Garcia-Artigas, R. and Sendr\'{o}s, A. and Lovera, R. and Himi, M.},
  journal = {Journal of Applied Geophysics},
  title   = {Improving the resolution of investigation using {ERT} instruments with a reduced number of electrodes},
  year    = {2020},
  pages   = {104239},
  doi     = {10.1016/j.jappgeo.2020.104239},
  url     = {http://www.sciencedirect.com/science/article/pii/S0926985120306224},
}

@Article{Flinchum2020,
  author  = {Flinchum, B. A. and Banks, E. and Hatch, M. and Batelaan, O. and Peeters, L. J. M. and Pasquet, S.},
  journal = {Hydrology and Earth System Sciences},
  title   = {Identifying recharge under subtle ephemeral features in a flat-lying semi-arid region using a combined geophysical approach},
  year    = {2020},
  number  = {9},
  pages   = {4353--4368},
  volume  = {24},
  doi     = {10.5194/hess-24-4353-2020},
  url     = {https://hess.copernicus.org/articles/24/4353/2020/},
}

@Article{Kordjazi2021,
  author  = {Kordjazi, A. and Coe, J. T. and Afanasiev, M.},
  journal = {Journal of Nondestructive Evaluation},
  title   = {Nondestructive Evaluation of Drilled Shaft Construction Anomalies Using Full Waveform Tomography of Simulated Crosshole Measurements},
  year    = {2021},
  number  = {3},
  volume  = {40},
  doi     = {10.1007/s10921-020-00728-8},
}

@Article{Buecker2021,
  author  = {B\"ucker, M. and Flores Orozco, A. and Gallistl, J. and Steiner, M. and Aigner, L. and Hoppenbrock, J. and Glebe, R. and Morales Barrera, W. and Pita de la Paz, C. and Garc\'{\i}a Garc\'{\i}a, C. E. and Razo P\'erez, J. A. and Buckel, J. and H\"ordt, A. and Schwalb, A. and P\'erez, L.},
  journal = {Solid Earth},
  title   = {Integrated land and water-borne geophysical surveys shed light on the sudden drying of large karst lakes in southern Mexico},
  year    = {2021},
  number  = {2},
  pages   = {439-461},
  volume  = {12},
  doi     = {10.5194/se-12-439-2021},
  url     = {https://se.copernicus.org/articles/12/439/2021/},
}

@Article{Steiner2021,
  author  = {Steiner, M. and Wagner, F. M. and Maierhofer, T. and Sch\"oner, W. Flores Orozco, A.},
  journal = {Geophysics},
  title   = {Improved estimation of ice and water contents in Alpine permafrost through constrained petrophysical joint inversion: {The Hoher Sonnblick} case study},
  year    = {2021},
  doi     = {10.1190/geo2020-0592.1},
}

@Article{Skibbe2021,
  author  = {Skibbe, N. and G\"unther, T. and M\"uller-Petke, M.},
  journal = {Geophysics},
  title   = {Improved hydrogeophysical imaging by structural coupling of two-dimensional magnetic resonance and electrical resistivity tomography},
  year    = {2021},
  doi     = {10.1190/geo2020-0593.1},
}

@Article{Flinchum2021,
  author = {Flinchum, B. and Peeters, L. and Munday, T. and Cahill, K.},
  journal = {Geophysics},
  title = {Improving the hydrogeologic conceptualization of a remote semiarid palaeovalley groundwater system using airborne electromagnetics,  seismic refraction and reflection,  and downhole nuclear magnetic resonance},
  year = {2021},
  doi = {10.1190/geo2020-0614.1},
}

@Article{Sabor2021,
  author = {Sabor, K. and Jougnot, D. and Guerin, R. and Steck, B. and Henault, J.-M. and Apffel, L. and Vautrin, D.},
  journal = {Geophysical Journal International},
  title = {A data mining approach for improved interpretation of {ERT} inverted sections using the {DBSCAN} clustering algorithm},
  year = {2021},
  doi = {10.1093/gji/ggab023},
}

@Article{Martin2021,
  author = {Martin, T. and G\"{u}nther, T. and Weller, A. and Kuhn, K.},
  journal = {Journal of Applied Geophysics},
  title = {Classification of slag material by spectral induced polarization laboratory and field measurements},
  year = {2021},
  doi = {10.1016/j.jappgeo.2021.104439},
}

@Article{Nivorlis2021,
    author = {Nivorlis, A. and Rossi, M. and Dahlin, T.},
    title = {Temporal filtering and time-lapse inversion of geoelectrical data for long-term monitoring with application to a chlorinated hydrocarbon contaminated site},
    journal = {Geophysical Journal International},
    year = {2021},
    month = {10},
    volume = {228},
    number = {3},
    issn = {0956-540X},
    doi = {10.1093/gji/ggab422},
}

@Article{Rochlitz2021,
    author = {Rochlitz, R. and Seidel, M. and BÃ¶rner, R.-U.},
    title = {Evaluation of three approaches for simulating 3-D time-domain electromagnetic data},
    journal = {Geophysical Journal International},
    volume = {227},
    number = {3},
    pages = {1980-1995},
    year = {2021},
    issn = {0956-540X},
    doi = {10.1093/gji/ggab302},
}

@Article{Miltenberger2021,
    author = {Miltenberger, A and Uhlemann, S. and Mukerji, T. and Williams, K. and Dafflon, B. and Wang, L. and Wainwright, H.},
    title = {Probabilistic Evaluation of Geoscientific Hypotheses With Geophysical Data: Application to Electrical Resistivity Imaging of a Fractured Bedrock Zone},
    journal = {Journal of Geophysical Research: Solid Earth},
    year = {2021},
    volume = {126},
    number = {9},
    pages = {e2021JB021767},
    doi = {10.1029/2021JB021767},

}
@Article{Jiang2021,
    author = {Jiang, L. and Tian, G. and Wang, B. and Guo, X. and He, X and Zou, A. and Chen, H and Yang, T. and El-Raouf, A. A.},
    title = {Application of three-dimensional electrical resistivity tomography in urban zones by arbitrary electrode distribution survey design},
    journal = {Journal of Applied Geophysics},
    volume = {194},
    pages = {104460},
    year = {2021},
    issn = {0926-9851},
    doi = {10.1016/j.jappgeo.2021.104460},
}

@Article{Whiteley2021,
    author = {Whiteley, J. and  Watlet, A. and  Uhlemann, S. and Wilkinson, P. and Boyd, J. and Jordan, C. and Kendall, J. and Chambers, J.},
    journal = {Engineering Geology},
    title = {Rapid characterisation of landslide heterogeneity using unsupervised classification of electrical resistivity and seismic refraction surveys},
    year = {2021},
    volume = {290},
    pages = {106189},
    issn = {0013-7952},
    doi = {10.1016/j.enggeo.2021.106189},
}

@Article{Visentini2021,
    author = {Fernandez Visentini, A. and de Anna, P. and Jougnot, D. and Le Borgne, T. and  M{\'{e}}heust, Y. and Linde, N.},
    title = {Electrical Signatures of Diffusion-Limited Mixing: Insights from a Milli-fluidic Tracer Experiment},
    journal = {Transport in Porous Media},
    year = {2021},
    publisher = {Springer Science and Business Media {LLC}},
    doi = {10.1007/s11242-021-01607-0},
}


@Article{Chavez2021,
    author = {Chavez Olalla, J. and Winkels, T. G.  and Ngan-Tillard, D. J. M. and  Heimovaara, T. J.},
    title = {Geophysical tomography as a tool to estimate the geometry of soil layers: relevance for the reliability assessment of dikes},
    journal = {Georisk: Assessment and Management of Risk for Engineered Systems and Geohazards},
    year  = {2021},
    pages = {1--21},
    publisher = {Taylor & Francis},
    doi = {10.1080/17499518.2021.1971252},
    url = {https://doi.org/10.1080/17499518.2021.1971252},
}

@Article{Jiang2021b,
    author = {Jiang, L. and Wang, B. and Tian, G. and He, X. and Zou, A. and Guo, X. and  Chen, H. and El-Raouf, A. A.},
    title = {Strategy for Optimization of Arbitrary Electrode Distribution for 3D Electrical Resistivity Tomography in Urban Zones},
    journal = {Pure and Applied Geophysics},
    year = {2021},
    publisher = {Springer Science and Business Media {LLC}},
    volume = {178},
    number = {9},
    pages = {3601--3618},
    doi = {10.1007/s00024-021-02848-2},
    url = {https://doi.org/10.1007/s00024-021-02848-2},
}

@Article{Norooz2021,
    author = {Norooz, R. and Olsson, P. I. and Dahlin, T. and G\"{u}nther, T and  Bernstone, C.},
    title = {A geoelectrical pre-study of \"{A}lvkarleby test embankment dam: 3D forward modelling and effects of structural constraints on the 3D inversion model of zoned embankment dams},
    journal = {Journal of Applied Geophysics},
    year = {2021},
    volume = {191},
    pages = {104355},
    issn = {0926-9851},
    doi = {10.1016/j.jappgeo.2021.104355},
}

@Article{Bievre2021,
    author = {Bi{\`{e}}vre, G and Jongmans, D. and Lebourg, T. and Carri{\`{e}}re, S.},
    title = {Electrical resistivity monitoring of an earthslide with electrodes located outside the unstable zone (Pont-Bourquin landslide,  Swiss Alps)},
    journal = {Near Surface Geophysics},
    month = {apr},
    year = {2021},
    publisher = {Wiley},
    volume = {19},
    number = {2},
    pages = {225--239},
    doi = {10.1002/nsg.12145},
}
@Comment{jabref-meta: databaseType:bibtex;}
